% Name: Quentin Stievenart
% Title: TFE sur la cryptographie
% URL: http://acieroid.tuxfamily.org/crypto/
% Email: quentin.stievenart%gmail.com

%% Bibliographie : 
@book{AppliedCryptography,
    author = "Schneier, Bruce",
    title = "Applied Cryptography, Second Edition: Protocols, Algorithms, and Source Code in C (cloth)",
    year = 1996,
    publisher = "John Wiley \& Sons Inc."
}
@book{AppliedCryptanalysis,
    author = "Stamp, Mark and Low, Richard M.",
    title = "Applied Cryptanalysis, Breaking Ciphers in the Real World", 
    publisher = "John Wiley \& Sons Inc.",
    year = 2007
}
@book{Codebreakers, 
    author = "Kahn, David", 
    title = "The Codebreakers (The Story of Secret Writing)",
    publisher = "MacMillan Company",
    year = 1967
}

@book{BeginningCryptographyWithJava,
    author = "Hook, David",
    title = "Beginning Cryptography with Java",
    publisher = "Wrox",
    year = 2005
}
@book{CryptographyAndNetworkSecurity,
    author = "Stallings, William",
    title = "Cryptography and Network Security (4th Eidtion)",
    publisher = "Prentice Hall",
    year = 2005
}
@book{EncyclopediaOfCryptographyAndSecurity,
    author = "Henk C.A. van Tilborg",
    title = "Encyclopedia of Cryptography and Security",
    publisher = "Springer",
    year = 2005
}
@book{FoundationsOfCryptography,
    author = "Oded Goldreich",
    title = "Foundations of Cryptography: A Primer",
    publisher = "Now Publisher Inc",
    year = 2005
}
@book{IntroductionToCryptographyWithJavaApplets,
    author = "David Bishop",
    title = "Introduction to Cryptography with Java Applets",
    publisher = "Jones \& Bartlett Publishers, Inc.",
    year = 2002
}
@book{IntroductionToCryptographyPrinciplesAndApplications,
    author = "Hans Delfs",
    title = "Introduction to Cryptography: Principles and Applications",
    publisher = "Springer",
    year = 2007
}
@book{ModernCryptographyTheoryAndPractice,
    author = "Wenbo Mao",
    title = "Modern Cryptography: Theory and Practice", 
    publisher = "Prentice Hall PTR",
    year = 2003
}
@book{NetworkedRFIDSystemsAndLightweightCryptography, 
    author = "Peter H. Cole",
    title = "Networked RFID Systems and Lightweight Cryptography: Raising Barriers to Product Counterfeiting", 
    publisher = "Springer", 
    year = 2007
}
@book{TheMathematicsOfCiphers, 
    author = "S.C. Coutinho", 
    title = "The Mathematics of Ciphers: Number Theory and RSA Cryptography",
    publisher = "AK Peters, Ltd.",
    year = 1998
}

@book{Vigenere, 
    author = "Blaise de Vigénère", 
    title = "Traicté des chiffres ou Secrètes manières d'écrire", 
    year = 1586, 
    publisher = "Inconnu"
}
@book{Herodote, 
    author = "Hérodote", 
    title = "L'histoire d'Hérodote (?)",
    year = 0, 
    publisher = "Inconnu"
}
@book{ArtDecrireEnChiffres, 
    author = "Lacroix",
    title = "La Cryptographie, ou l’Art d’écrire en chiffre",
    year = 1858, 
    publisher = "Adolphe Delahays, Paris"
}


@article{CryptographieMilitaire1,
    author = "Auguste Kerckhoffs", 
    title = "La cryptographie militaire - Partie 1", 
    journal = "Journal des sciences militaires",
    year = 1883,
    month = "Janvier",
    url = "http://www.petitcolas.net/fabien/kerckhoffs/"
}
@article{CryptographieMilitaire2,
    author = "Auguste Kerckhoffs", 
    title = "La cryptographie militaire - Partie 2", 
    journal = "Journal des sciences militaires",
    year = 1883,
    month = "Février",
    url = "http://www.petitcolas.net/fabien/kerckhoffs/"
}


@unpublished{bibmath, 
    author = "",
    title = "http://www.bibmath.net/crypto/",
}
@misc{ApprendreEnLigne,
    author = "",
    title = "http://www.apprendre-en-ligne.net/crypto/"
}
@misc{Wikipedia, 
    author = "",
    title = "http://www.wikipedia.org"
}
